@article{konkol2021itc,
  title={ITC's Strategic Plan for Open Science 2021-2025: Towards an Open Future},
  author={Konkol, Markus and Chang, Ling and Mano, Andre Da Silva and Deon, Fiorenza and Koelen, M and Korringa, David and Mettinkhof, R and Nelson, AD and Ostermann, FO and Rietbroek, Roelof and others},
  year={2021},
  doi={10.5281/zenodo.5113578}
}

@article{unesco,
  title={UNESCO Recommendation on Open Science},
  author={UNESCO},
  year={2021},
  url={https://en.unesco.org/science-sustainable-future/open-science/recommendation}
}

@article{bouter2020research,
  title={What research institutions can do to foster research integrity},
  author={Bouter, Lex},
  journal={Science and Engineering Ethics},
  volume={26},
  number={4},
  pages={2363--2369},
  year={2020},
  publisher={Springer}
}

@article{seglen1997impact,
  title={Why the impact factor of journals should not be used for evaluating research},
  author={Seglen, Per O},
  journal={Bmj},
  volume={314},
  number={7079},
  pages={497},
  year={1997},
  publisher={British Medical Journal Publishing Group}
}

@article{natureedit2016,
	doi = {10.1038/535466a},
	author={Nature},
	url = {https://doi.org/10.1038%2F535466a},
	year = 2016,
	month = {jul},
	publisher = {Springer Science and Business Media {LLC}},
	volume = {535},
	number = {7613},
	pages = {466--466},
	title = {Time to remodel the journal impact factor},
	journal = {Nature}
}

@article{Kreiner_2016,
	doi = {10.3389/fnhum.2016.00556},
	url = {https://doi.org/10.3389%2Ffnhum.2016.00556},
	year = 2016,
	month = {nov},
	publisher = {Frontiers Media {SA}},
	volume = {10},
	author = {Grzegorz Kreiner},
	title = {The Slavery of the h-index{\textemdash}Measuring the Unmeasurable},
	journal = {Frontiers in Human Neuroscience}
}

@article{conroy2020s,
  title={What’s wrong with the H-index, according to its inventor},
  author={Conroy, Gemma},
  journal={Nature Index},
  volume={24},
  year={2020},
  url={https://www.natureindex.com/news-blog/whats-wrong-with-the-h-index-according-to-its-inventor}
}

@article{stark2018before,
  title={Before reproducibility must come preproducibility},
  author={Stark, Philip B},
  journal={Nature},
  volume={557},
  number={7706},
  pages={613--614},
  year={2018},
  publisher={Nature Publishing Group},
  doi={10.1038/d41586-018-05256-0}
}

@article{N_st_2021,
	doi = {10.12688/f1000research.51738.1},
	url = {https://doi.org/10.12688%2Ff1000research.51738.1},
	year = 2021,
	month = {mar},
	publisher = {F1000 Research Ltd},
	volume = {10},
	pages = {253},
	author = {Daniel Nüst and Stephen J. Eglen},
	title = {{CODECHECK}: an Open Science initiative for the independent~execution of computations underlying research articles during peer review to improve reproducibility},
	journal = {F1000Research}
}